

@article{Sjostrand:2006za,
	archiveprefix = "arXiv",
	author = "Sj{\"o}strand, Torbj{\"o}rn and Mrenna, Stephen and Skands, Peter",
	doi = "10.1088/1126-6708/2006/05/026",
	eprint = "hep-ph/0603175",
	journal = "JHEP",
	pages = "026",
	primaryclass = "hep-ph",
	reportnumber = "FERMILAB-PUB-06-052-CD-T, LU-TP-06-13",
	slaccitation = "%\%CITATION = HEP-PH/0603175;\%\%",
	title = "{{PYTHIA} 6.4 physics and manual}",
	volume = "05",
	year = "2006"
}

@article{Alloul:2013bka,
	archiveprefix = "arXiv",
	author = "Alloul, Adam and Christensen, Neil D. and Degrande, C{\'e}line and Duhr, Claude and Fuks, Benjamin",
	doi = "10.1016/j.cpc.2014.04.012",
	eprint = "1310.1921",
	journal = "Comput.Phys.Commun.",
	pages = "2250--2300",
	primaryclass = "hep-ph",
	reportnumber = "CERN-PH-TH-2013-239, MCNET-13-14, IPPP-13-71, DCPT-13-142, --PITT-PACC-1308, --PITT-PACC-1308",
	slaccitation = "%\%CITATION = ARXIV:1310.1921;\%\%",
	title = "{FeynRules 2.0 - A complete toolbox for tree-level phenomenology}",
	volume = "185",
	year = "2014"
}

@article{Alwall:2014hca,
      author         = "Alwall, J. and Frederix, R. and Frixione, S. and Hirschi,
                        V. and Maltoni, F. and Mattelaer, O. and Shao, H. -S. and
                        Stelzer, T. and Torrielli, P. and Zaro, M.",
      title          = "{The automated computation of tree-level and
                        next-to-leading order differential cross sections, and
                        their matching to parton shower simulations}",
      journal        = "JHEP",
      volume         = "07",
      year           = "2014",
      pages          = "079",
      doi            = "10.1007/JHEP07(2014)079",
      eprint         = "1405.0301",
      archivePrefix  = "arXiv",
      primaryClass   = "hep-ph",
      reportNumber   = "CERN-PH-TH-2014-064, CP3-14-18, LPN14-066, MCNET-14-09,
                        ZU-TH-14-14",
      SLACcitation   = "%%CITATION = ARXIV:1405.0301;%%"
}

@article{Pumplin:2002vw,
      author         = "Pumplin, J. and Stump, D. R. and Huston, J. and Lai, H.
                        L. and Nadolsky, Pavel M. and Tung, W. K.",
      title          = "{New generation of parton distributions with
                        uncertainties from global QCD analysis}",
      journal        = "JHEP",
      volume         = "07",
      year           = "2002",
      pages          = "012",
      doi            = "10.1088/1126-6708/2002/07/012",
      eprint         = "hep-ph/0201195",
      archivePrefix  = "arXiv",
      primaryClass   = "hep-ph",
      reportNumber   = "MSU-HEP-011101",
      SLACcitation   = "%%CITATION = HEP-PH/0201195;%%"
}

@article{Chatrchyan:2008aa,
      author         = "Chatrchyan, S. and others",
      title          = "{The CMS Experiment at the CERN LHC}",
      collaboration  = "CMS",
      journal        = "JINST",
      volume         = "3",
      year           = "2008",
      pages          = "S08004",
      doi            = "10.1088/1748-0221/3/08/S08004",
      SLACcitation   = "%%CITATION = JINST,3,S08004;%%"
}

@article{Chatrchyan:2013dga,
      author         = "Chatrchyan, Serguei and others",
      title          = "{Energy Calibration and Resolution of the CMS
                        Electromagnetic Calorimeter in $pp$ Collisions at
                        $\sqrt{s} = 7$ TeV}",
      collaboration  = "CMS",
      journal        = "JINST",
      volume         = "8",
      year           = "2013",
      pages          = "P09009",
      doi            = "10.1088/1748-0221/8/09/P09009",
      note           = "[JINST8,9009(2013)]",
      eprint         = "1306.2016",
      archivePrefix  = "arXiv",
      primaryClass   = "hep-ex",
      reportNumber   = "CMS-EGM-11-001, CERN-PH-EP-2013-097",
      SLACcitation   = "%%CITATION = ARXIV:1306.2016;%%"
}

@article{Tapper:2013yva,
      author         = "Tapper, A. and Acosta, Darin",
      title          = "{CMS Technical Design Report for the Level-1 Trigger
                        Upgrade}",
      collaboration  = "CMS",
      year           = "2013",
      reportNumber   = "CERN-LHCC-2013-011, CMS-TDR-12, CMS-TDR-012",
      SLACcitation   = "%%CITATION = CERN-LHCC-2013-011;%%"
}

@article{Chatrchyan:2014fea,
      author         = "Chatrchyan, Serguei and others",
      title          = "{Description and performance of track and primary-vertex
                        reconstruction with the CMS tracker}",
      collaboration  = "CMS",
      journal        = "JINST",
      volume         = "9",
      year           = "2014",
      number         = "10",
      pages          = "P10009",
      doi            = "10.1088/1748-0221/9/10/P10009",
      eprint         = "1405.6569",
      archivePrefix  = "arXiv",
      primaryClass   = "physics.ins-det",
      reportNumber   = "CMS-TRK-11-001, CERN-PH-EP-2014-070",
      SLACcitation   = "%%CITATION = ARXIV:1405.6569;%%"
}

@techreport{Andre:2252634,
      author        = "Andre, Jean-marc Olivier and Behrens, Ulf and Branson,
                       James and Brummer, Philipp Maximilian and Chaze, Olivier
                       and Cittolin, Sergio and Contescu, Cristian and Craigs,
                       Benjamin Gordon and Darlea, Georgiana Lavinia and
                       Deldicque, Christian and Demiragli, Zeynep and Dobson, Marc
                       and Doualot, Nicolas and Erhan, Samim and Fulcher, Jonathan
                       Richard and Gigi, Dominique and Gladki, Maciej Szymon and
                       Glege, Frank and Gomez Ceballos, Guillelmo and Hegeman,
                       Jeroen Guido and Holzner, Andre Georg and Janulis,
                       Mindaugas and Jimenez Estupinan, Raul and Masetti, Lorenzo
                       and Meijers, Franciscus and Meschi, Emilio and Mommsen,
                       Remigius and Morovic, Srecko and O'Dell, Vivian and Orsini,
                       Luciano and Paus, Christoph Maria Ernst and Petrova, Petia
                       and Pieri, Marco and Racz, Attila and Reis, Thomas and
                       Sakulin, Hannes and Schwick, Christoph and Simelevicius,
                       Dainius and Zejdl, Petr and Hamburg and California and San
                       Diego and California and Chicago and Illinois and
                       Massachusetts Institute of Technology and Cambridge and
                       Massachusetts and also at Vilnius University and Vilnius
                       and Lithuania and also at",
      title         = "{Performance of the CMS Event Builder}",
      institution   = "CERN",
      address       = "Geneva",
      number        = "CMS-CR-2017-034",
      month         = "Feb",
      year          = "2017",
      reportNumber  = "CMS-CR-2017-034",
      url           = "http://cds.cern.ch/record/2252634",
}

@article{CMS:2012sda,
      author         = "Matzner Dominguez, David Aaron and Abbaneo, D. and Arndt,
                        K. and Bacchetta, N. and Ball, A. and Bartz, E. and Bertl,
                        W. and Bilei, G. M. and Bolla, G. and Cheung, H. W. K. and
                        others ",
      title          = "{CMS Technical Design Report for the Pixel Detector
                        Upgrade}",
      collaboration  = "CMS",
      year           = "2012",
      reportNumber   = "CERN-LHCC-2012-016, CMS-TDR-011, FERMILAB-DESIGN-2012-02",
      SLACcitation   = "%%CITATION = CERN-LHCC-2012-016;%%"
}

@article{1126-6708-2008-04-063,
  author="Matteo Cacciari and Gavin P. Salam and Gregory Soyez",
  title="{The anti- k t jet clustering algorithm}",
  journal="Journal of High Energy Physics",
  volume="2008",
  number="04",
  pages="063",
  url="http://stacks.iop.org/1126-6708/2008/i=04/a=063",
  year="2008",
}